<marc:collection xmlns:marc="http://www.loc.gov/MARC21/slim" xmlns:xsi="http://www.w3.org/2001/XMLSchema-instance" xsi:schemaLocation="http://www.loc.gov/MARC21/slim http://www.loc.gov/standards/marcxml/schema/MARC21slim.xsd">
    <marc:record type="Bibliographic">
        <marc:leader>02924ceb a2200505 i 4500</marc:leader>
        <marc:controlfield tag="001">7167049</marc:controlfield>
        <marc:controlfield tag="005">20140702134855.0</marc:controlfield>
        <marc:controlfield tag="006">e      eg     0   </marc:controlfield>
        <marc:controlfield tag="007">aj canzn</marc:controlfield>
        <marc:controlfield tag="008">120827s1870    enk      eg     0   eng d</marc:controlfield>
        <marc:datafield tag="034" ind1="1" ind2=" ">
            <marc:subfield code="a">a</marc:subfield>
            <marc:subfield code="b">3667000</marc:subfield>
            <marc:subfield code="d">-054.000000</marc:subfield>
            <marc:subfield code="e">002.000</marc:subfield>
            <marc:subfield code="f">66.666667</marc:subfield>
            <marc:subfield code="g">56.000000</marc:subfield>
        </marc:datafield>
        <marc:datafield tag="040" ind1=" " ind2=" ">
            <marc:subfield code="a">NjP</marc:subfield>
            <marc:subfield code="b">eng</marc:subfield>
            <marc:subfield code="c">NjP</marc:subfield>
        </marc:datafield>
        <marc:datafield tag="041" ind1="0" ind2=" ">
            <marc:subfield code="a">eng</marc:subfield>
        </marc:datafield>
        <marc:datafield tag="043" ind1=" " ind2=" ">
            <marc:subfield code="a">ln-----</marc:subfield>
        </marc:datafield>
        <marc:datafield tag="050" ind1=" " ind2="4">
            <marc:subfield code="a">G9111.C72 1870</marc:subfield>
            <marc:subfield code="b">.R6</marc:subfield>
        </marc:datafield>
        <marc:datafield tag="052" ind1=" " ind2=" ">
            <marc:subfield code="a">9110</marc:subfield>
        </marc:datafield>
        <marc:datafield tag="052" ind1=" " ind2=" ">
            <marc:subfield code="a">3380</marc:subfield>
        </marc:datafield>
        <marc:datafield tag="100" ind1="1" ind2=" ">
            <marc:subfield code="a">Irminger, Carl Ludvig Christian,</marc:subfield>
            <marc:subfield code="d">1802-1888.</marc:subfield>
            <marc:subfield code="4">aut</marc:subfield>
        </marc:datafield>
        <marc:datafield tag="245" ind1="1" ind2="0">
            <marc:subfield code="a">Surface temperatures of the North Atlantic between Shetland &amp; Greenland</marc:subfield>
            <marc:subfield code="h">[cartographic material] /</marc:subfield>
            <marc:subfield code="c">collected by Admiral Irminger ; [lithographed by] Johnston's Geographical Establishment, 74 Strand, London.</marc:subfield>
        </marc:datafield>
        <marc:datafield tag="246" ind1="0" ind2=" ">
            <marc:subfield code="a">Surface temperatures of the North Atlantic between Shetland and Greenland</marc:subfield>
        </marc:datafield>
        <marc:datafield tag="255" ind1=" " ind2=" ">
            <marc:subfield code="a">Scale [ca. 1:6,667,000 at 56° N]</marc:subfield>
            <marc:subfield code="c">(W 54°00'--E 02°00'/N 66°40'--N 56°00').</marc:subfield>
        </marc:datafield>
        <marc:datafield tag="260" ind1=" " ind2=" ">
            <marc:subfield code="a">London:</marc:subfield>
            <marc:subfield code="b">published for the Journal of the Royal Geographical Society, by J. Murray, Albemarle Street,</marc:subfield>
            <marc:subfield code="c">1870.</marc:subfield>
        </marc:datafield>
        <marc:datafield tag="300" ind1=" " ind2=" ">
            <marc:subfield code="a">1 map :</marc:subfield>
            <marc:subfield code="b">col. ;</marc:subfield>
            <marc:subfield code="c">18 X 46 cm.</marc:subfield>
        </marc:datafield>
        <marc:datafield tag="500" ind1=" " ind2=" ">
            <marc:subfield code="a">Oceanic surface temperatures shown in degrees Fahrenheit.</marc:subfield>
        </marc:datafield>
        <marc:datafield tag="500" ind1=" " ind2=" ">
            <marc:subfield code="a">48° Fahrenheit isotherms are shown for September 1840, May and September 1844, May 1846, and May and September 1868.</marc:subfield>
        </marc:datafield>
        <marc:datafield tag="500" ind1=" " ind2=" ">
            <marc:subfield code="a">Ice-streams and principal glaciers of Greenland and snow-fields in Greenland and Iceland are shown.</marc:subfield>
        </marc:datafield>
        <marc:datafield tag="500" ind1=" " ind2=" ">
            <marc:subfield code="a">Routes and dates of voyages from 1838 to 1868 are shown.</marc:subfield>
        </marc:datafield>
        <marc:datafield tag="500" ind1=" " ind2=" ">
            <marc:subfield code="a">Mean air temperatures in May and September shown for locations in Scotland, Iceland, and Greenland.</marc:subfield>
        </marc:datafield>
        <marc:datafield tag="500" ind1=" " ind2=" ">
            <marc:subfield code="a">From: The Journal of the Royal Geographical Society of London. Vol. 40, (1870), pp. 441-48; held in Firestone Library. Call number: G7 .J687 v.47 1877</marc:subfield>
            <marc:subfield code="5">NjP</marc:subfield>
        </marc:datafield>
        <marc:datafield tag="501" ind1=" " ind2=" ">
            <marc:subfield code="a">Issued to accompany article: On surface temperatures in the North Atlantic / by Admiral Irminger, Copenhagen, Corr. Mem. R.G.S.</marc:subfield>
            <marc:subfield code="5">NjP</marc:subfield>
        </marc:datafield>
        <marc:datafield tag="522" ind1=" " ind2=" ">
            <marc:subfield code="a">Map coverage:  Irminger Sea, Greenland Sea, and Icealand Sea.</marc:subfield>
        </marc:datafield>
        <marc:datafield tag="530" ind1=" " ind2=" ">
            <marc:subfield code="a">Available also online through the Princeton University Libraries, Digital Map &amp; Geographic Data Web site.</marc:subfield>
        </marc:datafield>
        <marc:datafield tag="530" ind1=" " ind2=" ">
            <marc:subfield code="a">Online version of companion article available also through the JSTOR Web site. Access limited to subscribing member insitutions only.</marc:subfield>
        </marc:datafield>
        <marc:datafield tag="650" ind1=" " ind2="0">
            <marc:subfield code="a">Ocean temperature</marc:subfield>
            <marc:subfield code="z">North Atlantic Ocean</marc:subfield>
            <marc:subfield code="v">Maps.</marc:subfield>
        </marc:datafield>
        <marc:datafield tag="650" ind1=" " ind2="0">
            <marc:subfield code="a">Ice sheets</marc:subfield>
            <marc:subfield code="z">Greenland</marc:subfield>
            <marc:subfield code="x">Maps.</marc:subfield>
        </marc:datafield>
        <marc:datafield tag="651" ind1=" " ind2="0">
            <marc:subfield code="a">North Atlantic Ocean</marc:subfield>
            <marc:subfield code="v">Maps.</marc:subfield>
        </marc:datafield>
        <marc:datafield tag="651" ind1=" " ind2="0">
            <marc:subfield code="a">Greenland</marc:subfield>
            <marc:subfield code="v">Maps.</marc:subfield>
        </marc:datafield>
        <marc:datafield tag="655" ind1=" " ind2="7">
            <marc:subfield code="a">Meteorological charts.</marc:subfield>
            <marc:subfield code="2">lcgft</marc:subfield>
        </marc:datafield>
        <marc:datafield tag="710" ind1="2" ind2=" ">
            <marc:subfield code="a">W. &amp; A.K. Johnston Limited,</marc:subfield>
            <marc:subfield code="e">lithographer.</marc:subfield>
        </marc:datafield>
        <marc:datafield tag="710" ind1="2" ind2=" ">
            <marc:subfield code="a">John Murray (Firm),</marc:subfield>
            <marc:subfield code="e">publisher.</marc:subfield>
        </marc:datafield>
        <marc:datafield tag="773" ind1="0" ind2=" ">
            <marc:subfield code="t">Journal of the Royal Geographical Society of London.</marc:subfield>
            <marc:subfield code="g">Vol. 40(1870), pages 441-48, facing page 441.</marc:subfield>
            <marc:subfield code="d">London : John Murray.</marc:subfield>
        </marc:datafield>
        <marc:datafield tag="852" ind1="8" ind2=" ">
            <marc:subfield code="a">scimap</marc:subfield>
            <marc:subfield code="h">G9111.C72 1870</marc:subfield>
            <marc:subfield code="i">.R6</marc:subfield>
        </marc:datafield>
        <marc:datafield tag="856" ind1="4" ind2="1">
            <marc:subfield code="z">See the map</marc:subfield>
            <marc:subfield code="u">http://gisserver.princeton.edu/map/27096</marc:subfield>
        </marc:datafield>
        <marc:datafield tag="856" ind1="4" ind2="2">
            <marc:subfield code="u">http://www.jstor.org/stable/1798654</marc:subfield>
        </marc:datafield>
        <marc:datafield tag="902" ind1=" " ind2=" ">
            <marc:subfield code="a">mapst1</marc:subfield>
            <marc:subfield code="b">x</marc:subfield>
            <marc:subfield code="6">e</marc:subfield>
            <marc:subfield code="7">b</marc:subfield>
            <marc:subfield code="d">v</marc:subfield>
            <marc:subfield code="f">1</marc:subfield>
            <marc:subfield code="e">20120827</marc:subfield>
        </marc:datafield>
    </marc:record>
    <marc:record type="Holdings">
        <marc:leader>00273cx  a22000851  4500</marc:leader>
        <marc:controlfield tag="001">7031150</marc:controlfield>
        <marc:controlfield tag="004">7167049</marc:controlfield>
        <marc:controlfield tag="005">20140702134859.0</marc:controlfield>
        <marc:controlfield tag="008">1208274u    8   1001uu   0901128</marc:controlfield>
        <marc:datafield tag="852" ind1="8" ind2=" ">
            <marc:subfield code="b">scimap</marc:subfield>
            <marc:subfield code="h">G9111.C72 1870</marc:subfield>
            <marc:subfield code="i">.R6</marc:subfield>
            <marc:subfield code="z">Map is accompanied by a book. To locate volume, search call number: G7 .J687 v. 40 1870</marc:subfield>
        </marc:datafield>
    </marc:record>
</marc:collection>
